@book{okeefebook,
  title={The Hippocampus as a Cognitive Map},
  author={O'Keefe, John and Nadel, Lynn},
  volume={27},
  year={1980},
  publisher={Oxford University Press}
}
@book{kappersandcrosby,
  title={The comparative anatomy of the nervous system of vertebrates},
  author={Kappers, C. U. A. and Huber, G. C. and Crosby, E. C.},
  volume={2},
  year={1936},
  publisher={Macmillan},
  pages={1248--1255}
}
@book{heier1948,
  title={Fundamental Principles in the structure of the brain: A study of the brain of petromyzon fluviatilis},
  author={Heier, Per},
  volume={5},
  year={1948},
  publisher={Karger}
}
@article{crosby1966,
  title        = {Evidence for some of the trends in the phylogenetic development of the vertebrate telencephalon. In Evolution of the Forebrain (eds R. Hassler and H. Stephan)},
  author       = {Crosby, E. C. and DeJonge, B. R. and Schneider, R.C.},
  journal      = {Georg Thieme Verlag, Stuttgart},
  pages        = {117--135},
  year         = {1966}
}
@article{lorente1934,
  title        = {Studies on the structure of the cerebral cortex. II. Continuation of the study of the ammonic system},
  author       = {Lorente De Nó, R.},
  journal      = {Journal für Psychologie und Neurologie},
  pages        = {113--177},
  year         = {1934}
}
@article{nafstad1967,
  title        = {An electron microscope study on the termination of the perforant path fibres in the hippocampus and the fascia dentata},
  author       = {Nafstad, P. H. J.},
  journal      = {Z. Zellforsch. mikrosk. Anal.},
  volume       = {76},
  pages        = {532--542},
  year         = {1967}
}
@article{hjorth1972,
  title        = {Origin and termination of the hippocampal perforant path in the rat studied by silver impregnation},
  author       = {Hjorth-Simonsen, A. and Jeune, B.},
  journal      = {J. Comp. Neurol.},
  doi          = {https://doi.org/10.1002/cne.901440206},
  volume       = {144},
  number       = {2},
  pages        = {215--232},
  year         = {1972}
}
@article{vanhoesen1972,
  title        = {Cortical afferents to the entorhinal cortex of the rhesus monkey},
  author       = {Van Hoesen, G. W. and Pandya, D. N. and Butters, N.},
  journal      = {Science},
  doi          = {10.1126/science.175.4029.1471},
  volume       = {175},
  number       = {4029},
  pages        = {1471--1473},
  year         = {1972}
}
@article{hjorth1973,
  title        = {Some intrinsic connections of the hippocampus in the rat: An experimental analysis},
  author       = {Hjorth-Simonsen, A.},
  journal      = {J. Comp. Neurol.},
  doi          = {10.1002/cne.901470202},
  volume       = {147},
  number       = {2},
  pages        = {145--161},
  year         = {1973}
}
@article{vanhoesen1975b,
  title        = {Some connections of the entorhinal (area 28) and perirhinal (area 35) cortices of the rhesus monkey III. Efferent connections},
  author       = {Van Hoesen, Gary W. and Pandya, Deepak N.},
  journal      = {Brain Res.},
  doi          = {https://doi.org/10.1016/0006-8993(75)90206-1},
  volume       = {95},
  pages        = {39--59},
  year         = {1975}
}
@article{raisman1965,
  title        = {The extrinsic afferent, commissural and association fibres of the hippocampus},
  author       = {Raisman, G. and Cowan, W. M. and Powell, T. P. S.},
  journal      = {Brain},
  doi          = {https://doi.org/10.1093/brain/88.5.963},
  volume       = {88},
  pages        = {963--95},
  year         = {1965}
}
@article{andersen1966,
  title        = {Location and identification of excitatory synapses on hippocampal pyramidal cells},
  author       = {Andersen, P. and Blackstad, T. W. and Lomo, T.},
  journal      = {Exp. Brain Res.},
  volume       = {1},
  pages        = {236--248},
  year         = {1966}
}
@article{fujita1962,
  title        = {Electrophysiological properties of CA1 and CA2 apical dendrites of rabbit hippocampus},
  author       = {Fujita, Y. and Sakata, H.},
  journal      = {J. Neurophysiol.},
  doi          = {https://doi.org/10.1152/jn.1962.25.2.209},
  volume       = {25},
  pages        = {209--222},
  year         = {1962}
}
@article{gloorverasperti1963,
  title        = {Electrophysiological studies of hippocampal neurons. I. Configuration and laminar analysis of the `resting' potential gradient, of the main-transient response to perforant path, fimbrial and mossy fibre volleys, and of `spontaneous' activity},
  author       = {Gloor, P. and Vera, C. L. and Sperti, L.},
  journal      = {Electroencephalogr. clin. Neurophysiol.},
  doi          = {https://doi.org/10.1016/0013-4694(63)90060-9},
  volume       = {15},
  pages        = {353--378},
  year         = {1963}
}
@article{zimmer1971,
  title        = {Ipsilateral afferents to the commissural zone of the fascia dentata, demonstrated in decommissurated rats by silver impregnation},
  author       = {Zimmer, J},
  journal      = {J. comp. Neurol.},
  doi          = {https://doi.org/10.1002/cne.901420402},
  volume       = {142},
  pages        = {393--416},
  year         = {1971}
}
@article{raisman1966,
  title        = {An experimental analysis of the efferent projections of the hippocampus},
  author       = {Raisman, G. and Cowan, W. M. and Powell, T. P. S.},
  journal      = {Brain},
  doi          = {https://doi.org/10.1093/brain/89.1.83},
  volume       = {89},
  pages        = {83--108},
  year         = {1966}
}
@article{lebovitz1971,
  title        = {Recurrent excitation in the CA3 region of cat hippocampus},
  author       = {Lebovitz, R. M. and Dichter, M. and Spencer, W. A.},
  journal      = {Int. J. Neurosci.},
  doi          = { https://doi.org/10.3109/00207457109146996},
  volume       = {2},
  pages        = {99--108},
  year         = {1971}
}
@article{kandel1961,
  title        = {Electrophysiology of hippocampal neurons. I. Sequential invasion and synaptic organization},
  author       = {Kandel, E. R. and Spencer, W. A. and Brinley, F. J.},
  journal      = {J. Neurophysiol.},
  doi          = {https://doi.org/10.1152/jn.1961.24.3.225},
  volume       = {24},
  pages        = {225--242},
  year         = {1961}
}
@article{spencerkandel1961c,
  title        = {Hippocampal neuron responses to selective activation of recurrent collaterals of hippocampofugal axons},
  author       = {Spencer, W. A. and Kandel, E. R.},
  journal      = {Exp. Neurol.},
  doi          = {https://doi.org/10.1016/0014-4886(61)90037-1},
  volume       = {4},
  pages        = {149--161},
  year         = {1961}
}
@article{andersen1964a,
  title        = {Location of postsynaptic inhibitory synapses on hippocampal pyramids},
  author       = {Andersen, P. and Eccles, J. C. and Loyning, Y.},
  journal      = {J. Neurophysiol.},
  doi          = {https://doi.org/10.1152/jn.1964.27.4.592},
  volume       = {27},
  pages        = {592--607},
  year         = {1964}
}
@article{andersen1964b,
  title        = {Pathway of postsynaptic inhibition in the hippocampus},
  author       = {Andersen, P. and Eccles, J. C. and Loyning, Y.},
  journal      = {J. Neurophysiol.},
  doi          = {https://doi.org/10.1152/jn.1964.27.4.608},
  volume       = {27},
  pages        = {608--619},
  year         = {1964}
}
@article{adey1951,
  title        = {An experimental study of the hippocampal connections of the cingulate cortex in the rabbit},
  author       = {Adey, W. R.},
  journal      = {Brain},
  doi          = {https://doi.org/10.1093/brain/74.2.233},
  volume       = {74},
  pages        = {233--247},
  year         = {1951}
}
@article{adeymeyer1952,
  title        = {An experimental study of hippocampal afferent pathways from prefrontal and cingulate areas in the monkey},
  author       = {Adey, W. R. and Meyer, M. },
  journal      = {J. Anat.},
  volume       = {86},
  pages        = {58--74},
  year         = {1952}
}
@article{white1959,
  title        = {Ipsilateral afferents to the hippocampal formation in the albino rat. I. Cingulum projections},
  author       = {White, L. E.},
  journal      = {J. comp. Neurol.},
  doi          = {https://doi.org/10.1002/cne.901130102},
  volume       = {113},
  pages        = {1--41},
  year         = {1959}
}
@article{cragg1965,
  title        = {Afferent connexions of the allocortex},
  author       = {Cragg, B. G.},
  journal      = {J. Anat.},
  doi          = {},
  volume       = {99},
  pages        = {339--357},
  year         = {1965}
}
@article{mclardy1971,
  title        = {Anticipatory recall deficit after cingulumotomy in rats},
  author       = {McLardy, T.},
  journal      = {Exp. Neurol.},
  doi          = {https://doi.org/10.1016/0014-4886(71)90058-6},
  volume       = {32},
  pages        = {141--151},
  year         = {1971}
}
@article{leichnetz1975,
  title        = {Preliminary evidence for a direct projection of the prefrontal cortex to the hippocampus in the squirrel monkey},
  author       = {Leichnetz, G. R. and Astruc, J.},
  journal      = {Brain Behav. Evol.},
  doi          = {https://doi.org/10.1159/000123645},
  volume       = {11},
  pages        = {355--364},
  year         = {1975}
}
@article{pandya1969,
  title        = {Cortico-cortical connections in the rhesus monkey},
  author       = {Pandya, D. N. and Kupyers, H. G. J. M.},
  journal      = {Brain Res.},
  doi          = {https://doi.org/10.1016/0006-8993(69)90141-3},
  volume       = {13},
  pages        = {13--36},
  year         = {1969}
}
@article{pandyavignolo1969,
  title        = {Interhemispheric projections of the parietal lobe in the rhesus monkey},
  author       = {Pandya, D. N. and Vignolo, A. A.},
  journal      = {Brain Res.},
  doi          = {https://doi.org/10.1016/0006-8993(69)90309-6},
  volume       = {15},
  pages        = {49},
  year         = {1969}
}
@article{petras1971,
  title        = {Connections of the parietal lobe},
  author       = {Petras, J. M.},
  journal      = {J. Psychiat. Res.},
  doi          = {https://doi.org/10.1016/B978-0-08-017007-7.50008-2},
  volume       = {8},
  pages        = {189--201},
  year         = {1971}
}
@article{powell1965,
  title        = {The central olfactory connections},
  author       = {Powell, T. P. S. and Cowan, W. M. and Raisman, G.},
  journal      = {J. Anat.},
  volume       = {99},
  pages        = {791--813},
  year         = {1965}
}
@article{cragg1960,
  title        = {Responses of the hippocampus to stimulation of the olfactory bulb and of various afferent nerves in five mammals},
  author       = {Cragg, B. G.},
  journal      = {Experimental Neurology},
  doi          = {https://doi.org/10.1016/0014-4886(60)90031-5},
  volume       = {2},
  pages        = {547--572},
  year         = {1960}
}
@article{cragg1961,
  title        = {Olfactory and other afferent connections of the hippocampus in the rabbit, rat and cat},
  author       = {Cragg, B. G.},
  journal      = {Experimental Neurology},
  doi          = {https://doi.org/10.1016/S0014-4886(61)80007-1},
  volume       = {3},
  pages        = {588--600},
  year         = {1961}
}
@article{heimer1968,
  title        = {Synaptic distribution of centripetal and centrifugal nerve fibres in the olfactory system of the rat. An experimental anatomical study},
  author       = {Heimer, L.},
  journal      = {J. Anat.},
  doi          = {},
  volume       = {103},
  pages        = {413--432},
  year         = {1968}
}
@article{white1965,
  title        = { Olfactory bulb projections of the rat},
  author       = {White, L. E.},
  journal      = {Anat. Rec.},
  doi          = {https://doi.org/10.1002/ar.1091520406},
  volume       = {152},
  pages        = {465--80},
  year         = {1965}
}
@article{price1971,
  title        = {Certain observations on the olfactory pathway},
  author       = {Price, J. L. and Powell, T. P. S. },
  journal      = {Journal of anatomy},
  volume       = {110},
  pages        = {105--26},
  year         = {1971}
}
@article{kerr1972,
  title        = {Collateral projection of the lateral olfactory tract to entorhinal cortical areas in the cat},
  author       = {Kerr, D. I. B. and Dennis, B. J.},
  journal      = {Brain Res.},
  doi          = {https://doi.org/10.1016/0006-8993(72)90743-3},
  volume       = {36},
  pages        = {399--403},
  year         = {1972}
}
@article{casey1965,
  title        = { Unit analysis of visual input to posterior limbic cortex. II. Intracerebral stimuli},
  author       = {Casey, K. L. and Cuenod, M. and Maclean, P. D.},
  journal      = {J. Neurophysiol},
  doi          = {https://doi.org/10.1152/jn.1965.28.6.1118},
  volume       = {28},
  pages        = {1118--1131},
  year         = {1965}
}
@article{cuenod1965,
  title        = {Unit analysis of visual input to posterior limbic cortex. I. Photic stimulation},
  author       = {Cuenod, M. and Casey, K. L. and MACLEAN, P. D.},
  journal      = {J. Neurophysiol.},
  doi          = {https://doi.org/10.1152/jn.1965.28.6.1101},
  volume       = {28},
  pages        = {1101--17},
  year         = {1965}
}
@article{krettek1974,
  title        = {Projections from the amygdala to the perirhinal and entorhinal cortices and to the subiculum},
  author       = {Krettek, J. E. and Price, J. L.},
  journal      = {Brain Res.},
  doi          = {https://doi.org/10.1016/0006-8993(74)90199-1},
  volume       = {71},
  pages        = {150--154},
  year         = {1974}
}
@article{mcnaughton1983,
  title        = {The contributions of position, direction, and velocity to single unit activity in the hippocampus of freely-moving rats},
  author       = {McNaughton, B.L. and Barnes, C.A. and O’Keefe, J.},
  journal      = {Exp. Brain Res.},
  doi          = {https://doi.org/10.1007/BF00237147},
  volume       = {52},
  pages        = {41--49},
  year         = {1983}
}
@article{okeefe1993,
  title        = {Phase relationship between hippocampal place units and the EEG theta rhythm},
  author       = {O’Keefe, J. and Recce, M.L.},
  journal      = {Hippocampus},
  doi          = { https://doi.org/10.1002/hipo.450030307},
  volume       = {3},
  pages        = {317--330},
  year         = {1993}
}
@article{yartsev2013,
  title        = {Representation of three-dimensional space in the hippocampus of flying bats},
  author       = {Yartsev, M. M. and Ulanovsky, N.},
  journal      = {Science},
  doi          = {10.1126/science.1235338},
  volume       = {340},
  pages        = {367--372},
  year         = {2013}
}
@article{grieves2020,
  title        = {The place-cell representation of volumetric space in rats},
  author       = {Grieves, R.M. and Jedidi-Ayoub, S. and Mishchanchuk, K. and Liu, A and Renaudineau, S. and Jeffery, K. J. },
  journal      = {Nat Commun},
  doi          = {https://doi.org/10.1038/s41467-020-14611-7},
  volume       = {11},
  pages        = {789},
  year         = {2020}
}
@article{huxter2003, 
  title        = {Independent rate and temporal coding in hippocampal pyramidal cells},
  author       = {Huxter, J. and Burgess, N. and O’Keefe, J.},
  journal      = {Nature},
  doi          = {https://doi.org/10.1038/nature02058},
  volume       = {425},
  pages        = {828--832},
  year         = {2003}
}
@article{okeefe1976,
  title        = {Place units in the hippocampus of the freely moving rat},
  author       = {O’Keefe, J.},
  journal      = {Neurol.},
  doi          = {https://doi.org/10.1016/0014-4886(76)90055-8},
  volume       = {51},
  pages        = {78--109},
  year         = {1976}
}
@article{wilson1994,
  title        = {Reactivation of hippocampal ensemble memories during sleep},
  author       = {Wilson, M. A. and McNaughton, B. L.},
  journal      = {Science},
  doi          = {10.1126/science.8036517},
  volume       = {265},
  pages        = {676--679},
  year         = {1994}
}
@article{buzsaki2004,
  title        = {Neuronal Oscillations in Cortical Networks},
  author       = {Buzsáki, G. and Draguhn, A.},
  journal      = {Science},
  doi          = {10.1126/science.1099745},
  volume       = {304},
  pages        = {1926--1929},
  year         = {2004}
}
@article{buzsaki2002,
  title        = {Theta Oscillations in the Hippocampus},
  author       = {Buzsáki, G.},
  journal      = {Neuron},
  doi          = {https://doi.org/10.1016/S0896-6273(02)00586-X},
  volume       = {33},
  pages        = {325--340},
  year         = {2002}
}
@article{hill1978,
  title        = {First occurrence of hippocampal spatial firing in a new environment},
  author       = {Hill, A.J.},
  journal      = {Exp. Neurol.},
  doi          = {https://doi.org/10.1016/0014-4886(78)90058-4},
  volume       = {62},
  pages        = {282--297},
  year         = {1978}
}
@article{muller1987,
  title        = {Spatial firing patterns of hippocampal complex-spike cells in a fixed environment},
  author       = {Muller, R.U. and Kubie, J.L. and Ranck Jr., J.B.},
  journal      = {J. Neurosci.},
  doi          = {7},
  volume       = {https://doi.org/10.1523/JNEUROSCI.07-07-01935.1987},
  pages        = {1935--1950},
  year         = {1987}
}
@article{thompson1990,
  title        = {Long-term stability of the place-field activity of single units recorded from the dorsal hippocampus of freely behaving rats},
  author       = {Thompson, L.T. and Best, P.J.},
  journal      = {Brain Res.},
  volume       = {509},
  pages        = {299--308},
  year         = {1990}
}
@article{mankin2015,
  title        = {Hippocampal CA2 activity patterns change over time to a larger extent than between spatial contexts},
  author       = {Mankin, E.A. and Diehl, G.W. and Sparks, F.T. and Stefan, L. and Leutgeb, J.K.},
  journal      = {Neuron},
  doi          = {https://doi.org/10.1016/j.neuron.2014.12.001},
  volume       = {85},
  pages        = {190--201},
  year         = {2015}
}
@article{ziv2013,
  title        = {Long-term dynamics of CA1 hippocampal place codes},
  author       = {Ziv, Y. and Burns, L.D. and Cocker, E.D. and Hamel, E.O. and Ghosh, K.K. and Kitch, L.J. and El Gamal, A. and Schnitzer, M.J.},
  journal      = {Nat. Neurosci.},
  volume       = {16},
  pages        = {264--266},
  year         = {2013}
}
@article{okeefe1978,
  title        = {Hippocampal place units in the freely moving rat: why they fire where they fire},
  author       = {O’Keefe, J. and Conway, D.H.},
  journal      = {Exp. Brain Res},
  volume       = {31},
  pages        = {573--590},
  year         = {1978}
}
@article{yoganarasimha2005,
  title        = {Coupling between place cells and head direction cells during relative translations and rotations of distal landmarks},
  author       = {Yoganarasimha, D. and Knierim, J.J.},
  journal      = {Exp. Brain Res},
  volume       = {160},
  pages        = {344--359},
  year         = {2005}
}
@article{save2000,
  title        = {Contribution of multiple sensory information to place field stability in hippocampal place cells},
  author       = {Save, E. and Nerad, L. and Poucet, B.},
  journal      = {Hippocampus},
  volume       = {10},
  pages        = {64--76},
  year         = {2000}
}
@article{zhang2014,
  title        = {Spatial representations of place cells in darkness are supported by path integration and border information},
  author       = {Zhang, S. and Schönfeld, F. and Wiskott, L. and Manahan-Vaughan, D.},
  journal      = {Front. Behav. Neurosci},
  volume       = {88},
  pages        = {222},
  year         = {2014}
}
@article{markus1994,
  title        = {Spatial information content and reliability of hippocampal CA1 neurons: effects of visual input.},
  author       = {Markus, E.J.and Barnes, C.A. and McNaughton, B.L. and Gladden, V.L.and Skaggs, W.E.},
  journal      = {Hippocampus},
  volume       = {4},
  pages        = {410--421},
  year         = {1994}
}
@article{quirk1990,
  title        = {The firing of hippocampal place cells in the dark depends on the rat’s recent experience.},
  author       = {Quirk, G.J. and Muller, R.U. and Kubie, J.L.},
  journal      = {Neurosci},
  volume       = {10},
  pages        = {2008--2017},
  year         = {1990}
}
@article{jeffery2007,
  title        = {Integration of the sensory inputs to place cells: what, where, why, and how?},
  author       = {Jeffery, K.J.},
  journal      = {Hippocampus},
  volume       = {17},
  pages        = {775--783},
  year         = {2007}
}
@article{anderson2003,
  title        = {Heterogeneous modulation of place cell firing by changes in context.},
  author       = {Anderson, M.I. and Jeffery, K.J.},
  journal      = {Neurosci},
  volume       = {23},
  pages        = {8827--8835},
  year         = {2003}
}
@article{mullerkubie1987,
  title        = {The effects of changes in the environment on the spatial firing of hippocampal complex-spike cells.},
  author       = {Muller, R.U. and Kubie, J.L.},
  journal      = {Neurosci},
  volume       = {7},
  pages        = {1951--1968},
  year         = {1987}
}
@article{rowland2011,
  title        = {A stable hippocampal representation of a space requires its direct experience},
  author       = {Rowland, D.C. and Yanovich, Y. and Kentros, C.G.},
  journal      = {Proc. Natl. Acad. Sci. U. S. A.},
  volume       = {108},
  pages        = {14654--14658},
  year         = {2011}
}
@article{rolls1999,
  title        = {Spatial view cells and the representation of place in the primate hippocampus.},
  author       = {Rolls, E.T.},
  journal      = {Hippocampus},
  volume       = {9},
  pages        = {467--480},
  year         = {1999}
}
@article{rolls1997,
  title        = {Spatial view cells in the primate hippocampus.},
  author       = {Rolls, E.T. and Robertson, R.G. and Pierre, G.-F.},
  journal      = {Neurosci},
  volume       = {9},
  pages        = {1789--1794},
  year         = {1997}
}
@article{rolls1995,
  title        = {View-responsive neurons in the primate hippocampal complex.},
  author       = {Rolls, E.T. and O’Mara, S.M.},
  journal      = {Hippocampus},
  volume       = {5},
  pages        = {409--424},
  year         = {1995}
}
@article{taube1990a.,
  title        = {Head-direction cells recorded from the postsubiculum in freely moving rats: II. Effects of environmental manipulations.},
  author       = {Taube, J.S. and Muller, R.U., Ranck Jr. and J.B.},
   journal      = {Neurosci.},
   volume       = {10},
   pages        = {436--447},
   year         = {1990}
 }
@article{taube1990b,
   title        = { Head-direction cells recorded from the postsubiculum in freely moving rats: I. Description and quantitative analysis.},
   author       = {Taube, J.S. and Muller, R.U. and Ranck Jr. and J.B.},
   journal      = {Neurosci.},
   volume       = {10},
   pages        = {420--435},
   year         = {1990}
}
@article{taube1987,
  title        = { A quantitative analysis of head-direction cells in the postsubiculum},
  author       = {Taube, J.S. and Muller, R.U. and Ranck Jr. and J.B.},
  journal      = {Society for Neuroscience},
  volume       = {13},
  pages        = {1332},
  year         = {1987}
}
@article{goodridge1995,
  title        = {Preferential use of the landmark navigational system by head direction cells in rats.},
  author       = {Goodridge, J.P. and Taube, J.S.},
  journal      = {Behav. Neurosci.},
  volume       = {109},
  pages        = {49--61},
  year         = {1995}
}

@article{taube1995a,
  title        = { Head direction cells recorded in the anterior thalamic nuclei of freely moving rats.},
  author       = {Taube, J.S.},
  journal      = {Neurosci},
  volume       = {15},
  pages        = {70--86},
  year         = {1995}
}
@article{zugaro2000,
  title        = {Influence of conflicting visual, inertial and substratal cues on head direction cell activity.},
  author       = {Zugaro, M.B. and Tabuchi, E. and Wiener, S.I.},
  journal      = {Exp. Brain Res.},
  volume       = {133},
  pages        = {198--208},
  year         = {2000}
}
@article{knierim1995,
  title        = {Place cells, head direction cells, and the learning of landmark stability.},
  author       = {Knierim, J.J. and Kudrimoti, H.S. and McNaughton, B.L.},
  journal      = {Neurosci},
  volume       = {15},
  pages        = {1648--1659},
  year         = {1995}
}
@article{ranck1985,
  title        = {Head direction cells in the deep cell layer of dorsal presubiculum in freely moving rats.},
  author       = {Ranck Jr., J.B.},
  journal      = {In: Buzsaki, G., Vanderwolf, C.H. (Eds.), Electrical Activity of the Archicortex. Hungarian Academy of Sciences, Budapest},
  volume       = {},
  pages        = {217--220},
  year         = {1985}
}
@article{ranck1984,
  title        = {Head direction cells in the deep layers of the dorsal presubiculum in freely moving rats.},
  author       = {Ranck Jr., J.B.},
  journal      = {Society for Neuroscience},
  volume       = {10},
  pages        = {599},
  year         = {1984}
}
@article{mizumori1993,
  title        = {Directionally selective mnemonic properties of neurons in the lateral dorsal nucleus of the thalamus of rats.},
  author       = {Mizumori, S.J. and Williams, J.D.},
  journal      = {Neurosci},
  volume       = {13},
  pages        = {4015--4028},
  year         = {1993}
}
@article{yoder2011b,
  title        = {Origins of landmark encoding in the brain},
  author       = {Yoder, R.M. and Clark, B.J. and Taube, J.S.},
  journal      = {Trends Neurosci.},
  volume       = {34},
  pages        = {561--571},
  year         = {2011}
}
@article{yoder2011a,
  title        = {Both visual and idiothetic cues contribute to head direction cell stability during navigation along complex routes},
  author       = {Yoder, R.M. and Clark, B.J. and Brown, J.E. and Lamia, M.V. and Valerio, S. and Shinder, M.E. and Taube, J.S.},
  journal      = {Neurophysiol.},
  volume       = {105},
  pages        = {2989--3001},
  year         = {2011}
}
@article{skaggs1995,
  title        = { A model of the neural basis of the rat’s sense of direction.},
  author       = {Skaggs, W.E. and Knierim, J.J. and Kudrimoti, H.S. andMcNaughton, B.L.},
  journal      = {Adv. Neural Inf. Process. Syst.},
  volume       = {7},
  pages        = {173--180},
  year         = {1995}
}
@article{fyhn2004,
  title        = {Spatial representation in the entorhinal cortex.},
  author       = {Fyhn, M. and Molden, S. and Witter, M.P. and Moser, E.I. and Moser, M.B.},
  journal      = {Science},
  volume       = {305},
  pages        = {1258--1264},
  year         = {2004}
}
@article{hafting2005,
  title        = {Microstructure of a spatial map in the entorhinal cortex.},
  author       = {Hafting, T. and Fyhn, M. and Molden, S. and Moser, M.-B. and Moser, E.I.},
  journal      = {Nature},
  volume       = {436},
  pages        = {801--806},
  year         = {2005}
}
@article{fyhn2008,
  title        = {Entorhinal grid cells and the neural basis of navigation.},
  author       = {Fyhn, M. and Solstad, T. and Hafting, T.},
  journal      = {Hippocampal Place Fields},
  volume       = {},
  pages        = {237--252},
  year         = {2008}
}
@article{boccara2010,
  title        = {Grid cells in pre- and parasubiculum.},
  author       = {Boccara, C.N. and Sargolini, F. and Thoresen, V.H. and Solstad, T. and Witter, M.P. and Moser, E.I. and Moser, M.-B.},
  journal      = {Nat. Neurosci.},
  volume       = {13},
  pages        = {987--994},
  year         = {2010}
}
@article{barry2007,
  title        = {Experience-dependent rescaling of entorhinal grids.},
  author       = {Barry, C. and Hayman, R. and Burgess, N. and Jeffery, K.J.},
  journal      = {Nat. Neurosci.},
  volume       = {10},
  pages        = {682--684},
  year         = {2007}
}
@article{stensola2012,
  title        = {The entorhinal grid map is discretized.},
  author       = {Stensola, H. and Stensola, T. and Solstad, T. and Frøland, K. and Moser, M.-B. and Moser, E.I.},
  journal      = {Nature},
  volume       = {492},
  pages        = {72--78},
  year         = {2012}
}
@article{fyhn2007,
  title        = {Hippocampal remapping and grid realignment in entorhinal cortex.},
  author       = {Fyhn, M. and Hafting, T. and Treves, A. and Moser, M.B. and Moser, E.I.},
  journal      = {Nature},
  volume       = {446},
  pages        = {190--194},
  year         = {2007}
}
@article{mcNaughton2006,
  title        = {Path integration and the neural basis of the cognitive map.},
  author       = {McNaughton, B.L. and Battaglia, F.P. and Jensen, O. and Moser, E.I. and Moser, M.-B.},
  journal      = {Nat. Rev. Neurosci.},
  volume       = {7},
  pages        = {663--678},
  year         = {2006}
}
@article{brun2008,
   title        = {Progressive increase in grid scale from dorsal to ventral medial entorhinal cortex.},
   author       = {Brun, V.H. and Solstad T. and Kjelstrup, K.B. and Fyhn, M. and Witter, M.P. and Moser, E.I. and Moser, M.B.},
   journal      = {Hippocampus},
   volume       = {18},
   doi          = {10.1002/hipo.20504.},
   pages        = {1200--1212},
   year         = {2008}
}
@article{oKeefe1996,
   title        = {Geometric determinants of the place fields of hippocampal neurons.},
   author       = {O’Keefe, J. and Burgess, N.},
   journal      = {Nature},
   volume       = {381},
   pages        = {425--428},
   year         = {1996}
}
@article{barry2006,
   title        = {The boundary vector cell model of place cell firing and spatial memory.},
   author       = {Barry, C. and Lever, C. and Hayman, R. and Hartley, T. and Burton, S. and O’Keefe, J. and Jeffery, K.J. and Burgess, N.},
   journal      = {Rev. Neurosci.},
   volume       = {17},
   pages        = {71--97},
   year         = {2006}
}
@article{burgess1997,
   title        = {Robotic and neuronal simulation of the hippocampus and rat navigation.},
   author       = {Burgess, N. and Donnett, J.G. and Jeffery, K.J. and O’Keefe, J.},
   journal      = {Trans. R. Soc. Lond. B Biol. Sci.},
   volume       = {352},
   pages        = {1535--1543},
   year         = {1997}
}
@article{hartley2000,
   title        = {Modeling place fields in terms of the cortical inputs to the hippocampus.},
   author       = {Hartley, T. and Tom, H. and Burgess, N. and Lever, C. and Cacucci, F. and O’Keefe, J.},
   journal      = {Hippocampus},
   volume       = {10},
   pages        = {369--379},
   year         = {2000}
}
@article{bjerknes2014,
   title        = {Representation of geometric borders in the developing rat.},
   author       = {Bjerknes, T.L. and Moser, E.I. and Moser, M.-B.},
   journal      = {Neuron},
   volume       = {82},
   pages        = {71--78},
   year         = {2014}
}
@article{savelli2008,
   title        = {Influence of boundary removal on the spatial representations of the medial entorhinal cortex.},
   author       = {Savelli, F. and Yoganarasimha, D. and Knierim, J.J.},
   journal      = {Hippocampus},
   volume       = {18},
   pages        = {1270--1282},
   year         = {2008}
}
@article{solstad2008,
   title        = {Representation of geometric borders in the entorhinal cortex.},
   author       = {Solstad, T. and Boccara, C.N. and Kropff, E. and Moser, M.-B. and Moser, E.I.},
   journal      = {Science},
   volume       = {322},
   pages        = {1865--1868},
   year         = {2008}
}
@article{jankowskiomara2015,
   title        = {Dynamics of place, boundary and object encoding in rat anterior claustrum.},
   author       = {Jankowski, M.M. and O’Mara, S.M.},
   journal      = {Front. Behav. Neurosci.},
   volume       = {9},
   pages        = {250},
   year         = {2015}
}
@article{jankowski2015,
   title        = {Evidence for spatially-responsive neurons in the rostral thalamus.},
   author       = {Jankowski, M.M. and Passecker, J. and Islam, M.N. and Vann, S. and Erichsen, J.T. and Aggleton, J.P. and O’Mara, S.M.},
   journal      = {Front. Behav. Neurosci.},
   volume       = {9},
   pages        = {256},
   year         = {2015}
}
@article{lever2009,
   title        = {Boundary vector cells in the subiculum of the hippocampal formation.},
   author       = {Lever, C. and Burton, S. and Jeewajee, A. and O’Keefe, J. and Burgess, N.},
   journal      = { J. Neurosci.},
   volume       = {29},
   pages        = {9771--9777},
   year         = {2009}
}
@article{raudies2012,
   title        = {Modeling the influence of optic flow on grid cell firing in the absence of other cues1.},
   author       = {Raudies, F. and Florian, R. and Ennio, M. and Hasselmo, M.E.},
   journal      = {J. Comput. Neurosci.},
   volume       = {33},
   pages        = {475--493},
   year         = {2012}
}
@article{raudieshasselmo2012,
   title        = {Modeling boundary vector cell firing given optic flow as a cue.},
   author       = {Raudies, F. and Hasselmo, M.E.},
   journal      = {PLoS Comput. Biol.},
   volume       = {8},
   pages        = {e1002553},
   year         = {2012}
}
@article{buzsaki2012,
  title        = {The origin of extracellular fields and currents-- EEG, ECoG, LFP and spikes.},
  author       = {Buzsáki, C. and Anastassiou, C. A. and Koch, C.},
  journal      = {Nat. Rev. Neurosci.},
  volume       = {13},
  pages        = {407--420},
  year         = {2012}
}
@article{margrie2003,
  title        = {Targeted whole-cell recordings in the mammalian brain in vivo.},
  author       = { Margrie, T. W. and  Meyer, A. H.and Caputi, A. and Monyer, H. and Hasan, M. T. and Schaefer, A. T. and Denk, W. and Brecht, M.},
  journal      = {Neuron},
  volume       = {39},
  pages        = {911--918},
  year         = {2003}
}
@article{hubel1959,
  title        = {Receptive fields of single neurones in the cat’s striate cortex.},
  author       = {Hubel, D. H. and Wiesel, T. N.},
  journal      = {J. Physiol.},
  volume       = {148},
  pages        = {574--591},
  year         = {1959}
}
@article{bareketkeren2012,
  title        = {Carbon nanotube-based multi electrode arrays for neuronal interfacing: progress and prospects.},
  author       = {Bareket-Keren, L. and Hanein, Y.},
  journal      = {Front. Neural Circuits},
  volume       = {6},
  pages        = {122},
  year         = {2012}
}
@article{spira2013,
  title        = {Multi-electrode array technologies for neuroscience and cardiology},
  author       = {Spira, M. E. and Hai, A.},
  journal      = {Nat. Nanotechnol.},
  volume       = {8},
  pages        = {83--94},
  year         = {2013}
}
@article{viventi2012,
  title        = {Development of high resolution, multiplexed electrode arrays: Opportunities and challenges},
  author       = {Viventi, J.  and Blanco, J. A.},
  journal      = {Annual International Conference of the IEEE Engineering in Medicine and Biology Society},
  volume       = {},
  pages        = {1394--1396},
  year         = {2012}
}
@article{jun2017,
  title        = {Fully integrated silicon probes for high-density recording of neural activity},
  author       = {Jun,J. J. and  Steinmetz, N. A. and Siegle, J. H.},
  journal      = {Nature},
  volume       = {551},
  pages        = {232--236},
  year         = {2017}
}
@article{agarwal2014,
  title        = {Spatially distributed local fields in the hippocampus encode rat position.},
  author       = {Agarwal,G. and Stevenson, I. H. and Berényi, A. and Mizuseki, K. and Buzsáki, G. and Sommer,  F. T. },
  journal      = {Science},
  volume       = {344},
  pages        = {626--630},
  year         = {2014}
}
@article{sheinidelson2017,
  title        = {Large-scale mapping of cortical synaptic projections with extracellular electrode arrays},
  author       = {Shein-Idelson, M. and Pammer, L. and Hemberger,  M. and Laurent, G.},
  journal      = {Nat. Methods},
  volume       = {14},
  pages        = {882--890},
  year         = {2017}
}
@article{kim2013,
  title        = {Injectable, cellular-scale optoelectronics with applications for wireless optogenetics.},
  author       = {Kim, T. and McCall, J. G. and Jung, Y. H.},
  journal      = {Science},
  volume       = {340},
  pages        = {211--216},
  year         = {2013}
}
@article{dombeck2010,
  title        = {Functional imaging of hippocampal place cells at cellular resolution during virtual navigation.},
  author       = {Dombeck, D. A. and Harvey, C. D. and Tian, L. and Looger, L. L. and Tank, D. W.},
  journal      = {Nat. Neurosci.},
  volume       = {13},
  pages        = {1433--1440},
  year         = {2010}
}
@article{craddock2013,
  title        = {Imaging human connectomes at the macroscale},
  author       = {Craddock, R. C. and Jbabdi, S. and Yan, C.-G. and Vogelstein, J. T.},
  journal      = {Nat. Methods},
  volume       = {10},
  pages        = {524--539},
  year         = {2013}
}
@article{ugurbil2013,
  title        = {Pushing spatial and temporal resolution for functional and diffusion MRI in the Human Connectome Project},
  author       = {Uğurbil, K. and Xu, J. and Auerbach, E. J. and Moeller, S.},
  journal      = {Neuroimage},
  volume       = {80},
  pages        = {80--104},
  year         = {2013}
}
@article{vanessen2013,
  title        = {The WU-Minn Human Connectome Project: An overview},
  author       = {Van Essen, D. C. and Smith, S. M. and Barch, D. M. and Behrens, T. E. J.},
  journal      = {Neuroimage},
  volume       = {80},
  pages        = {62--79},
  year         = {2013}
}
@article{shoham1999,
  title        = {Imaging cortical dynamics at high spatial and temporal resolution with novel blue voltage-sensitive dyes.},
  author       = {Shoham, D. and Glaser, D. E.  and Arieli, A. and Kenet, T. and Wijnbergen, C. and Toledo, Y. and Hildesheim, R. and Grinvald, A.},
  journal      = {Neuron},
  volume       = {24},
  pages        = {791--802},
  year         = {1999}
}
@article{ohki2005,
  title        = {Functional imaging with cellular resolution reveals precise micro-architecture in visual cortex.},
  author       = {Ohki, K. and Chung, S. and Ch’ng, Y. H. and Kara, P. and Reid, R. C. },
  journal      = {Nature},
  volume       = {433},
  pages        = {597--603},
  year         = {2005}
}
@article{grienberger2012,
  title        = {Imaging Calcium in Neurons},
  author       = {Grienberger, C. and Konnerth, A.},
  journal      = {Neuron},
  volume       = {73},
  pages        = {862--885},
  year         = {2012}
}
@article{bovetti2014,
  title        = {Mapping brain circuit function in vivo using two-photon fluorescence microscopy},
  author       = {Bovetti, S. and Moretti,  C. and Fellin, T.},
  journal      = {Microsc. Res. Tech.},
  volume       = {7},
  pages        = {492--501},
  year         = {2014}
}
@article{yang2017,
  title        = {In vivo imaging of neural activity},
  author       = {Yang, W.  and Yuste, R.},
  journal      = {Nat Methods},
  volume       = {14},
  pages        = {349--359},
  year         = {2017}
}
@article{svoboda2006,
  title        = {Principles of Two-Photon Excitation Microscopy and Its Applications to Neuroscience},
  author       = {Svoboda, K. and Yasuda, R.},
  journal      = {Neuron},
  volume       = {50},
  pages        = {823--839},
  year         = {2006}
}
@article{yuste1991,
  title        = {Control of postsynaptic Ca2+ influx in developing neocortex by excitatory and inhibitory neurotransmitters.},
  author       = {Yuste, R.  and Katz, L. C. },
  journal      = {Neuron},
  volume       = {6},
  pages        = {333--344},
  year         = {1991}
}
@article{stosiek2003,
  title        = {In vivo two-photon calcium imaging of neuronal networks},
  author       = {Stosiek, C. and Garaschuk, O. and Holthoff, K. and Konnerth,  A.},
  journal      = {Proc. Natl. Acad. Sci. U. S. A.},
  volume       = {100},
  pages        = {7319--7324},
  year         = {2003}
}
@article{wiederschain2011,
  title        = {The Molecular Probes handbook. A guide to fluorescent probes and labeling technologies},
  author       = {Wiederschain, G. Y. },
  journal      = {Biochem.},
  volume       = {76},
  pages        = {1276},
  year         = {2011}
}
@article{helmchen2002,
  title        = {Ca2+ imaging in the mammalian brain in vivo.},
  author       = {Helmchen, F. and Waters, J.},
  journal      = {Eur. J. Pharmacol.},
  volume       = {447},
  pages        = {119--129},
  year         = {2002}
}
@article{miyawaki1997,
  title        = {Fluorescent indicators for Ca2+based on green fluorescent proteins and calmodulin},
  author       = {Miyawaki, A. and Llopis, J. and Heim,  R. and McCaffery,  J. M. and Adams, J. A.and Ikura, M. and Tsien, R. Y. },
  journal      = {Nature},
  volume       = {388},
  pages        = {882--887},
  year         = {1997}
}
@article{knopfel2006,
  title        = {Optical probing of neuronal circuit dynamics: genetically encoded versus classical fluorescent sensors},
  author       = {Knöpfel, T. and Díez-García, J. and Akemann,W.},
  journal      = {Trends Neurosci.},
  volume       = {29},
  pages        = {160--166},
  year         = {2006}
}
@article{looger2012,
  title        = {Genetically encoded neural activity indicators},
  author       = {Looger, L. L and Griesbeck,O.},
  journal      = {Curr. Opin. Neurobiol.},
  volume       = {22},
  pages        = {18--23},
  year         = {2012}
}
@article{chen2013,
  title        = {Ultrasensitive fluorescent proteins for imaging neuronal activity.},
  author       = {Chen, T.-W. and Wardill, T. J. and Sun, Y. and Pulver, S. R. and Renninger, S. L. and Baohan, A. and Schreiter, E. R. and Kerr, R.and Orger, M. B. and Jayaraman, V. and Looger, L. L. and Svoboda, K. and Kim, D. S. },
  journal      = {Nature},
  volume       = {499},
  pages        = {295--300},
  year         = {2013}
}
@article{ohkura2005,
  title        = {Genetically Encoded Bright Ca 2+ Probe Applicable for Dynamic Ca 2+ Imaging of Dendritic Spines},
  author       = {Ohkura, M. and Matsuzaki, M. and Kasai, H. and Imoto, K. and Nakai, J.},
  journal      = {Anal. Chem.},
  volume       = {77},
  pages        = {5861--5869},
  year         = {2005}
}
@article{tallini2006,
  title        = {Imaging cellular signals in the heart in vivo: Cardiac expression of the high-signal Ca2+ indicator GCaMP2},
  author       = {Tallini, Y. N. and Ohkura, M. and Choi, B.-R. and Ji, G. and Imoto, K. and Doran, R. and Lee, J. and Plan, P. and Wilson, J. and Xin, H.-B. and Sanbe, A. and Gulick, J. and Mathai, J. and Robbins, J. and Salama, G. and Nakai, J. and  Kotlikoff, M. I.},
  journal      = {Proc. Natl. Acad. Sci.},
  volume       = {103},
  pages        = {4753--4758},
  year         = {2006}
}
@article{tian2009,
  title        = {Imaging neural activity in worms, flies and mice with improved GCaMP calcium indicators},
  author       = {Tian, L.  and Hires, S. A. and Mao, T. and Huber, D. and Chiappe,  M. E. and Chalasani, S. H.  and Petreanu,  L. and Akerboom, J.  and McKinney, S. A. and Schreiter, E. R. and Bargmann, C. I. and Jayaraman, V. and Svoboda, K. and Looger,  L. L.},
  journal      = {Nat. Methods},
  volume       = {6},
  pages        = {875--881},
  year         = {2009}
}
@article{horikawa2010,
  title        = {Spontaneous network activity visualized by ultrasensitive Ca2+ indicators, yellow Cameleon-Nano},
  author       = {Horikawa, K. and Yamada, Y. and Matsuda, T. and Kobayashi, K. and Hashimoto,  M. and Matsu-ura, T. and Miyawaki, A. and Michikawa, T. and Mikoshiba, K.  and Nagai,T. },
  journal      = {Nat. Methods, vol.},
  volume       = {7},
  pages        = {729--732},
  year         = {2010}
}
@article{palmer2011,
  title        = {Design and application of genetically encoded biosensors.},
  author       = {Palmer, A. E. and Qin,  Y. and Park, J. G. and McCombs, J. E. },
  journal      = {Trends Biotechnol.},
  volume       = {29},
  pages        = {144--152},
  year         = {2011}
}
@article{akerboom2012,
  title        = {Optimization of a GCaMP Calcium Indicator for Neural Activity Imaging},
  author       = {Akerboom, J.  and Chen, T.-W.  and Wardill, T. J.  and Tian, L.  and Marvin, J. S.  and Mutlu, S. and Carreras Caldéron, N. and Esposti, F.  and Borghuis,  B. G. and Sun, X. R.  and Gordus, A.  and Orger, M. B.  and Portugues, R.  and Engert,  F. and Macklin, J. J.  and Filosa, A. and Aggarwal, A.  and Kerr, R. A. and Takagi, R.  and Kracun, S. and Shigetomi, E. and Khakh, B. S. and Baier, H. and Lagnado,  L. and Wang, S. S.-H. and Bargmann, C. I. and Kimmel, B. E. and Jayaraman,  V. and Svoboda, K. and Kim, D. S.  and Schreiter, E. R. and Looger, L. L. },
  journal      = {J. Neurosci.},
  volume       = {40},
  pages        = {13819--13840},
  year         = {2012}
}
@article{akerboom2013,
  title        = {Genetically encoded calcium indicators for multi-color neural activity imaging and combination with optogenetics.},
  author       = {Akerboom, J.  and Carreras Caldéron, N. and Tian, L.  and Wabnig, S. and Prigge, M. and Tolö,  J. and Gordus, A. and Orger, M. B. and Severi, K. E. and Macklin, J. J. and Patel, R. and Pulver, S. R. and Wardill, T. J. and Fischer, E. and Schüler, C. and Chen, T.- W. and Sarkisyan, K. S. and Marvin, J. S. and Bargmann, C. I. and Kim, D. S. and Kügler, S. and Lagnado,  L.and Hegemann, P. and Gottschalk, A. and Schreiter, E. R. and Looger, L. L. },
  journal      = {Front. Mol. Neurosci.},
  volume       = {6},
  pages        = {2},
  year         = {2013}
}
@article{dana2016,
  title        = {Sensitive red protein calcium indicators for imaging neural activity},
  author       = {Dana, H. and Mohar,  B. and Sun, Y. and Narayan, S. and Gordus, A. and Hasseman, J. P. and Tsegaye, G. and Holt, G. T. and Hu, A. and Walpita, D. and Patel, R. and Macklin, J. J. and Bargmann, C. I. and Ahrens, M. B. and Schreiter, E. R. and Jayaraman, V. and Looger, L. L. and Svoboda, K. and Kim, D. S.},
  journal      = {Elife},
  volume       = {5},
  pages        = {2738--2750},
  year         = {2016}
}
@article{ohkura2012,
  title        = {An Improved Genetically Encoded Red Fluorescent Ca2+ Indicator for Detecting Optically Evoked Action Potentials},
  author       = {Ohkura, M. and Sasaki, T. and Kobayashi, C. and Ikegaya, Y. and Nakai,  J.},
  journal      = {PLoS One},
  volume       = {7},
  pages        = {e39933},
  year         = {2010}
}
@article{denk1997,
  title        = {Photon upmanship: why multiphoton imaging is more than a gimmick.},
  author       = {Denk, W. and Svoboda, K.},
  journal      = {Neuron},
  volume       = {18},
  pages        = {351--357},
  year         = {1997}
}
@article{pawley2006,
  title        = {Handbook Of Biological Confocal Microscopy.},
  author       = {Pawley, J. B.},
  journal      = {Boston, MA: Springer US},
  volume       = {},
  pages        = {--},
  year         = {2006}
}
@article{denk1994,
  title        = {Anatomical and functional imaging of neurons using 2-photon laser scanning microscopy.},
  author       = {Denk, W. and Delaney, K. R. and Gelperin, A. and Kleinfeld, D.  and Strowbridge, B. W. and Tank, D. W. and Yuste, R.},
  journal      = {J. Neurosci. Methods},
  volume       = {54},
  pages        = {151--162},
  year         = {1994}
}
@article{helmchen2005,
  title        = {Deep tissue two-photon microscopy},
  author       = {Helmchen, F. and Denk, W.},
  journal      = {Nat. Methods},
  volume       = {2},
  pages        = {932--940},
  year         = {2005}
}
@article{zipfel2003,
  title        = {Nonlinear magic: multiphoton microscopy in the biosciences.},
  author       = {Zipfel, W. R. and Williams, R. M. and Webb, W. W.},
  journal      = {Nat. Biotechnol.},
  volume       = {21},
  pages        = {1369--1377},
  year         = {2003}
}
@article{goppertmayer1931,
  title        = {Über Elementarakte mit zwei Quantensprüngen},
  author       = {Göppert-Mayer, M.},
  journal      = {Ann. Phys.},
  volume       = {401},
  pages        = {273--294},
  year         = {1931}
}
@article{nagy2005,
  title        = {Observation volumes and {gamma}-factors in two-photon fluorescence fluctuation spectroscopy.},
  author       = {Nagy, A. and Wu, J. and Berland, K. M. },
  journal      = {Biophys. J.},
  volume       = {89},
  pages        = {2077--2090},
  year         = {2005}
}
@article{grieves2017,
  title        = {The representation of space in the brain},
  author       = {Grieves, R. M. and Jeffery, K. J.},
  journal      = {Behavioural Processes},
  volume       = {135},
  pages        = {113--131},
  year         = {2017}
}
@article{gauthier2018,
  title        = {A Dedicated Population for Reward Coding in the Hippocampus},
  author       = {Gauthier, Jeffrey L. and Tank, David W.},
  journal      = {Neuron},
  volume       = {99},
  pages        = {179--193},
  year         = {2018}
}
@article{rubin2015,
  title        = {Hippocampal ensemble dynamics timestamp events in long-term memory},
  author       = {Rubin, Alon and Geva, Nitzan and Sheintuch, Liron and Ziv, Yaniv},
  journal      = {eLife},
  volume       = {4:e12247},
  doi          = {10.7554/eLife.12247},
  year         = {2015}
}
@article{sheintuch2017,
  title        = {Tracking the Same Neurons across Multiple Days in Ca2+ Imaging Data},
  author       = {Sheintuch, Liron and Rubin, Alon and Brande-Eilat, Noa and Geva, Nitzan and Sadeh, Noa and Pinchasof, Or and Ziv, Yaniv},
  journal      = {Cell Reports},
  volume       = {21},
  doi          = {https://doi.org/10.1016/j.celrep.2017.10.013.},
  pages        = {1102--1115},
  year         = {2017}
}
% @article{,
%   title        = {},
%   author       = {},
%   journal      = {},
%   volume       = {},
%   pages        = {--},
%   year         = {}
% }

%% glia refs %%
@article{mariotti2018,
  title        = {Interneuron-specific signaling evokes distinctive somatostatin-mediated responses in adult cortical astrocytes},
  author       = {Mariotti, Letizia and Losi, Gabriele and Lia, Annamaria and Melone, Marcello and Chiavegato, Angela and Gómez-Gonzalo, Marta and Sessolo, Michele and Bovetti, Serena and Forli, Angelo and Zonta, Micaela and Requie, Linda Maria and Marcon, Iacopo and Pugliese, Arianna and Viollet, Cécile and Bettler, Bernhard and Fellin, Tommaso and Conti, Fiorenzo and Carmignoto, Giorgio},
  journal      = {Nature Communications},
  volume       = {9},
  doi        = {10.1038/s41467-017-02642-6},
  year         = {2018}
}
@book{peters1991,
  title        = {The Fine Structure of the Nervous System},
  author       = {Peters, O. A. and Palay, S. L. and Webster, H. deF.},
  journal      = {Oxford Univ. Press},
  year         = {1991}
}
@article{fellin2006,
  title        = {Astrocytes Coordinate Synaptic Networks: Balanced Excitation and Inhibition},
  author       = {Fellin, Tommaso and Pascual, Olivier and Haydon, Philip G.},
  journal      = {Physiology},
  volume       = {21},
  pages        = {208--215},
  year         = {2006}
}
@article{mu2019,
  title        = {Glia Accumulate Evidence that Actions Are Futile and Suppress Unsuccessful Behavior},
  author       = {Mu, Yu and
Bennett, Davis V. and Rubinov, Mikail and Narayan, Sujatha and Yang, Chao Tsung and Tanimoto, Masashi and Mensh, Brett D. and Looger, Loren L. and Ahrens, Misha B.},
  journal      = {Cell},
  volume       = {178},
  pages        = {27--43},
  year         = {2019}
}
@article{virchow1856,
  title        = {Gesammelte Abhandlungen zyr wissenschaftlischen Medizin},
  author       = {Virchow R.},
  journal      = {Frankfurt: Verlag von Meidinger Sohn & Comp},
  year         = {1856}
}
@article{morrison1981,
  title        = {Growth of purified astrocytes in a chemically defined medium},
  author       = {Morrison, R. S. and de Vellis, J.},
  journal      = {Proceedings of the National Academy of Sciences},
  volume       = {78},
  doi          = {10.1073/pnas.78.11.7205},
  pages        = {7205--7209},
  year         = {1981}
}
@article{bowman1984,
  title        = {Excitatory amino acids directly depolarize rat brain astrocytes in primary},
  author       = {Bowman, C. L. and Kimelberg, H. K.},
  journal      = {Nature},
  volume       = {311},
  pages        = {656--659},
  year         = {1984}
}
@article{kettenmann1984,
  title        = {Aspartate, glutamate and γ-aminobutyric acid depolarize cultured astrocytes},
  author       = {Kettenmann, H. and Backus, K.H. and Schachner, M.},
  journal      = {Neuroscience Letters},
  doi          = {https://doi.org/10.1016/0304-3940(84)90345-8},
  volume       = {52},
  pages        = {25--29},
  year         = {1984}
}
@article{cornell-bell1990,
  title        = {Glutamate induces calcium waves in cultured astrocytes: long-range glial signaling},
  author       = {Cornell-Bell, A. H. and Finkbeiner, S. M. and Cooper, M. S. and Smith, S. J.},
  journal      = {Science},
  volume       = {247},
  pages        = {470--473},
  year         = {1990}
}
@article{araque1998,
  title        = {Calcium Elevation in Astrocytes Causes an NMDA Receptor-Dependent Increase in the Frequency of Miniature Synaptic Currents in Cultured Hippocampal Neurons},
  author       = {Araque, A. and Sanzgiri, R. P. and Parpura, V. and Haydon, P. G.},
  journal      = {Journal of Neuroscience},
  volume       = {18},
  doi          = {https://doi.org/10.1523/JNEUROSCI.18-17-06822.1998},
  pages        = {6822--6829},
  year         = {1998}
}
% @article{,
%   title        = {},
%   author       = {},
%   journal      = {},
%   volume       = {},
%   pages        = {--},
%   year         = {}
% }
% @article{,
%   title        = {},
%   author       = {},
%   journal      = {},
%   volume       = {},
%   pages        = {--},
%   year         = {}
% }
% @article{,
%   title        = {},
%   author       = {},
%   journal      = {},
%   volume       = {},
%   pages        = {--},
%   year         = {}
% }
% @article{,
%   title        = {},
%   author       = {},
%   journal      = {},
%   volume       = {},
%   pages        = {--},
%   year         = {}
% }
% @article{,
%   title        = {},
%   author       = {},
%   journal      = {},
%   volume       = {},
%   pages        = {--},
%   year         = {}
% }
@article{Adelson1991Plenoptic,
  title        = {The plenoptic function and the elements of early vision},
  author       = {Adelson, Edward H. and Bergen James R.},
  journal      = {Computational Models of Visual Processing},
  pages        = {3--20},
  year         = {1991}
}
@article{Adelson1992Single,
  title        = {Single lens stereo with a plenoptic camera},
  author       = {Adelson, Edward H and Wang, John Y. A.},
  journal      = {IEEE Transactions on Pattern Analysis Machine Intelligence},
  number       = {2},
  pages        = {99--106},
  year         = {1992}
}
@article{Yang2002Real,
  title        = {A real-time distributed light field camera},
  author       = {Yang, Jason C and Everett, Matthew and Buehler, Chris and McMillan, Leonard},
  journal      = {Rendering Techniques},
  volume       = {2002},
  pages        = {77--86},
  year         = {2002}
}
@article{Levin2007Image,
  title        = {Image and depth from a conventional camera with a coded aperture},
  author       = {Levin, Anat and Fergus, Rob and Durand, Fr{\'e}do and Freeman, William T},
  journal      = {ACM transactions on graphics},
  volume       = {26},
  number       = {3},
  pages        = {70},
  year         = {2007}
}
@article{Gershun1939Light,
  title        = {The light field},
  author       = {Gershun, Andre{\i}},
  journal      = {Journal of Mathematics and Physics},
  doi          = {10.1002/sapm193918151},
  volume       = {18},
  number       = {1--4},
  pages        = {51--151},
  year         = {1939}
}
@article{lam:15J5,
 author    = {Edmund Y. Lam},
 title     = {Computational Photography with Plenoptic Camera and Light Field Capture: Tutorial},
 journal   = {Journal of the Optical Society of America A},
 volume    = {32}, number = {11}, pages={2021--2032},
 month     = {November},
 year      = 2015
}
@inproceedings{Wilburn2005High,
  title        = {High performance imaging using large camera arrays},
  author       = {Wilburn, Bennett and Joshi, Neel and Vaish, Vaibhav and Talvala, Eino-Ville and Antunez, Emilio and Barth, Adam and Adams, Andrew and Horowitz, Mark and Levoy, Marc},
  booktitle    = {ACM Transactions on Graphics},
  volume       = {24},
  number       = {3},
  pages        = {765--776},
  doi          = {10.1145/1186822.1073259},
  year         = {2005}
}
@article{Ng2005Light,
  title        = {Light field photography with a hand-held plenoptic camera},
  author       = {Ng, Ren and Levoy, Marc and Br{\'e}dif, Mathieu and Duval, Gene and Horowitz, Mark and Hanrahan, Pat},
  journal      = {Computer Science Technical Report},
  volume       = {2},
  number       = {11},
  pages        = {1--11},
  year         = {2005}
}
@inproceedings{Perwass2012Single,
  title        = {Single lens 3{D}-camera with extended depth-of-field},
  author       = {Perwass, Christian and Wietzke, Lennart},
  booktitle    = {Human Vision and Electronic Imaging XVII},
  volume       = {8291},
  pages        = {829108-1--829108-15},
  doi          = {10.1117/12.909882},
  month        = {Feburary},
  year         = {2012},
  organization = {International Society for Optics and Photonics}
}
@inproceedings{Bishop2010Full,
  title        = {Full-resolution depth map estimation from an aliased plenoptic light field},
  author       = {Bishop, Tom E and Favaro, Paolo},
  booktitle    = {Asian Conference on Computer Vision},
  volume       = {6493},
  pages        = {186--200},
  doi          = {10.1007/978-3-642-19309-5_15},
  year         = {2010},
  organization = {Springer}
}
@inproceedings{Ng2006Digital,
  title        = {Digital light field photography},
  author       = {Ng, Ren},
  booktitle    = {Ph.D Dissertation, Dept. Computer Science},
  year         = {2006},
  organization = {Stanford University California, CA, USA}
}
@article{Georgiev2010Focused,
  title        = {Focused plenoptic camera and rendering},
  author       = {Georgiev, Todor G and Lumsdaine, Andrew},
  journal      = {Journal of Electronic Imaging},
  volume       = {19},
  number       = {2},
  pages        = {021106-1--021106-11},
  month        = {April},
  year         = {2010},
  publisher    = {International Society for Optics and Photonics}
}
@article{Bishop2012Light,
  title        = {The light field camera: Extended depth of field, aliasing, and superresolution},
  author       = {Bishop, Tom E and Favaro, Paolo},
  journal      = {IEEE Transactions on Pattern Analysis and Machine Intelligence},
  volume       = {34},
  number       = {5},
  pages        = {972--986},
  doi          = {10.1109/TPAMI.2011.168},
  month        = {August},
  year         = {2012}
}
@article{Wanner2014Variational,
  title        = {Variational light field analysis for disparity estimation and super-resolution},
  author       = {Wanner, Sven and Goldluecke, Bastian},
  journal      = {IEEE Transactions on Pattern Analysis and Machine Intelligence},
  volume       = {36},
  number       = {3},
  pages        = {606--619},
  doi          = {10.1109/TPAMI.2013.147},
  month        = {August},
  year         = {2014}
}
@inproceedings{Srinivasan2017Learning,
  title        = {Learning to synthesize a 4{D} {RGBD} light field from a single image},
  author       = {Srinivasan, Pratul P and Wang, Tongzhou and Sreelal, Ashwin and Ramamoorthi, Ravi and Ng, Ren},
  booktitle    = {IEEE International Conference on Computer Vision},
  volume       = {2},
  number       = {5},
  pages        = {2243--2251},
  year         = {2017}
}
@inproceedings{Mitra2012Light,
  title        = {Light field denoising, light field superresolution and stereo camera based refocussing using a {GMM} light field patch prior},
  author       = {Mitra, Kaushik and Veeraraghavan, Ashok},
  booktitle    = {IEEE Conference on Computer Vision and Pattern Recognition Workshops},
  pages        = {22--28},
  doi          = {10.1109/CVPRW.2012.6239346},
  month        = {July},
  year         = {2012}
}
@inproceedings{Jeon2015Accurate,
  title        = {Accurate depth map estimation from a lenslet light field camera},
  author       = {Jeon, Hae-Gon and Park, Jaesik and Choe, Gyeongmin and Park, Jinsun and Bok, Yunsu and Tai, Yu-Wing and So Kweon, In},
  booktitle    = {IEEE Conference on Computer Vision and Pattern Recognition},
  pages        = {1547--1555},
  doi          = {10.1109/CVPR.2015.7298762},
  month        = {October},
  year         = {2015}
}
@inproceedings{Tao2013Depth,
  title        = {Depth from combining defocus and correspondence using light-field cameras},
  author       = {Tao, Michael W and Hadap, Sunil and Malik, Jitendra and Ramamoorthi, Ravi},
  booktitle    = {IEEE International Conference on Computer Vision},
  pages        = {673--680},
  doi          = {10.1109/ICCV.2013.89},
  month        = {March},
  year         = {2013}
}
@inproceedings{Wang2015Occlusion,
  title        = {Occlusion-aware depth estimation using light-field cameras},
  author       = {Wang, Ting-Chun and Efros, Alexei A and Ramamoorthi, Ravi},
  booktitle    = {IEEE International Conference on Computer Vision},
  pages        = {3487--3495},
  doi          = {10.1109/ICCV.2015.398},
  month        = {February},
  year         = {2015}
}
@article{Liang2015Light,
  title        = {A light transport framework for lenslet light field cameras},
  author       = {Liang, Chia-Kai and Ramamoorthi, Ravi},
  journal      = {ACM Transactions on Graphics},
  volume       = {34},
  number       = {2},
  pages        = {16:1--16:19},
  doi          = {10.1145/2665075},
  month        = {February},
  year         = {2015}
}
@inproceedings{Wu2017Light,
  title        = {Light field reconstruction using deep convolutional network on {EPI}},
  author       = {Wu, Gaochang and Zhao, Mandan and Wang, Liangyong and Dai, Qionghai and Chai, Tianyou and Liu, Yebin},
  booktitle    = {IEEE Conference on Computer Vision and Pattern Recognition},
  volume       = {2017},
  pages        = {1638--1646},
  doi          = {10.1109/CVPR.2017.178},
  month        = {November},
  year         = {2017}
}
@article{Wu2017LightTSP,
  title        = {Light field image processing: An overview},
  author       = {Wu, Gaochang and Masia, Belen and Jarabo, Adrian and Zhang, Yuchen and Wang, Liangyong and Dai, Qionghai and Chai, Tianyou and Liu, Yebin},
  journal      = {IEEE Journal of Selected Topics in Signal Processing},
  volume       = {11},
  number       = {7},
  pages        = {926--954},
  doi          = {10.1109/JSTSP.2017.2747126},
  month        = {August},
  year         = {2017}
}
@article{Pearson2013Plenoptic,
  title        = {Plenoptic layer-based modeling for image based rendering},
  author       = {Pearson, James and Brookes, Mike and Dragotti, Pier Luigi},
  journal      = {IEEE Transactions on Image Processing},
  volume       = {22},
  number       = {9},
  pages        = {3405--3419},
  doi          = {10.1109/TIP.2013.2268939},
  month        = {June},
  year         = {2013}
}
@inproceedings{Yoon2015Learning,
  title        = {Learning a deep convolutional network for light-field image super-resolution},
  author       = {Yoon, Youngjin and Jeon, Hae-Gon and Yoo, Donggeun and Lee, Joon-Young and Kweon, In So},
  booktitle    = {IEEE International Conference on Computer Vision Workshops},
  pages        = {57--65},
  doi          = {10.1109/ICCVW.2015.17},
  month        = {February},
  year         = {2015}
}
@inproceedings{Cheng2019Light,
  title        = {Light field super-resolution: a benchmark},
  author       = {Cheng, Zhen and Xiong, Zhiwei and Chen, Chang and Liu, Dong},
  booktitle    = {IEEE Conference on Computer Vision and Pattern Recognition},
  month        = {October},
  year         = {2019}
}
@article{Yoon2017Light,
  title        = {Light-field image super-resolution using convolutional neural network},
  author       = {Yoon, Youngjin and Jeon, Hae-Gon and Yoo, Donggeun and Lee, Joon-Young and Kweon, In So},
  journal      = {Signal Processing Letters},
  volume       = {24},
  number       = {6},
  pages        = {848--852},
  year         = {2017},
  publisher    = {IEEE}
}
@article{Zhang2015Light,
  title        = {Light field from micro-baseline image pair},
  author       = {Zhang, Zhoutong and Liu, Yebin and Dai, Qionghai},
  journal      = {IEEE Conference on Computer Vision and Pattern Recognition},
  pages        = {3800-3809},
  doi          = {10.1109/CVPR.2015.7299004},
  month        = {October},
  year         = {2015}
}
@article{Zhang2017Plenopatch,
  title        = {{PlenoPatch}: Patch-based plenoptic image manipulation},
  author       = {Zhang, Fang-Lue and Wang, Jue and Shechtman, Eli and Zhou, Zi-Ye and Shi, Jia-Xin and Hu, Shi-Min},
  journal      = {IEEE Transactions on Visualization and Computer Graphics},
  volume       = {23},
  number       = {5},
  pages        = {1561--1573},
  doi          = {10.1109/TVCG.2016.2532329},
  month        = {February},
  year         = {2017}
}
@inproceedings{Levin2010Linear,
  title        = {Linear view synthesis using a dimensionality gap light field prior},
  author       = {Levin, Anat and Durand, Fredo},
  booktitle    = {IEEE Conference on Computer Vision and Pattern Recognition},
  pages        = {1831--1838},
  doi          = {10.1109/CVPR.2010.5539854},
  month        = {August},
  year         = {2010}
}
@article{Farrugia2018Light,
  title        = {Light Field Super-Resolution using a Low-Rank Prior and Deep Convolutional Neural Networks},
  author       = {Farrugia, Reuben A and Guillemot, Christine},
  journal      = {IEEE Transactions on Pattern Analysis and Machine Intelligence},
  year         = {2019}
}
@inproceedings{Gortler1996Lumigraph,
  title        = {The lumigraph},
  author       = {Gortler, Steven J and Grzeszczuk, Radek and Szeliski, Richard and Cohen, Michael F},
  booktitle    = {ACM Annual Conference on Computer Graphics and Interactive Techniques},
  pages        = {43--54},
  doi          = {10.1145/237170.237200},
  year         = {1996}
}
@article{Ledig2016Photo,
  title        = {Photo-realistic single image super-resolution using a generative adversarial network},
  author       = {Ledig, Christian and Theis, Lucas and Husz{\'a}r, Ferenc and Caballero, Jose and Cunningham, Andrew and Acosta, Alejandro and Aitken, Andrew and Tejani, Alykhan and Totz, Johannes and Wang, Zehan and Shi, Wenzhe},
  journal      = {IEEE Conference on Computer Vision and Pattern Recognition},
  pages        = {105--114},
  doi          = {10.1109/CVPR.2017.19},
  month        = {November},
  year         = {2017}
}
@incollection{Goodfellow2014Generative,
  title        = {Generative Adversarial Nets},
  author       = {Goodfellow, Ian and Pouget-Abadie, Jean and Mirza, Mehdi and Xu, Bing and Warde-Farley, David and Ozair, Sherjil and Courville, Aaron and Bengio, Yoshua},
  booktitle    = {The 27th Neural Information Processing Systems Advances},
  pages        = {2672--2680},
  month        = {December},
  year         = {2014}
}
@inproceedings{Rerabek2016New,
  title        = {New light field image dataset},
  author       = {Rerabek, Martin and Ebrahimi, Touradj},
  booktitle    = {The 8th International Conference on Quality of Multimedia Experience},
  number       = {EPFL-CONF-218363},
  month        = {June},
  year         = {2016}
}
@article{Mousnier2015Partial,
  title        = {Partial light field tomographic reconstruction from a fixed-camera focal stack},
  author       = {Mousnier, Antoine and Vural, Elif and Guillemot, Christine},
  journal      = {arXiv preprint arXiv:1503.01903},
  year         = {2015}
}
@misc{StanfordLytro,
  title        = {Stanford {Lytro} Light Field Archive},
  howpublished = {\url{http://lightfields.stanford.edu/}}
}
@misc{HCInew,
  title        = {{HCI} {4D} Light Field Dataset},
  howpublished = {\url{http://hci-lightfield.iwr.uni-heidelberg.de/}}
}
@misc{HCIold,
  title        = {{HCI} Old {4D} Light Field Dataset},
  howpublished = {\url{http://hci-lightfield.iwr.uni-heidelberg.de/}}
}
@misc{StanfordGantry,
  title        = {Stanford Light Field from the Lego Gantry},
  howpublished = {\url{http://lightfield.stanford.edu/lfs.html}}
}
@inproceedings{Levoy2006Light,
  title        = {Light field microscopy},
  author       = {Levoy, Marc and Ng, Ren and Adams, Andrew and Footer, Matthew and Horowitz, Mark},
  booktitle    = {ACM Transactions on Graphics},
  volume       = {25},
  number       = {3},
  pages        = {924--934},
  doi          = {10.1145/1141911.1141976},
  month        = {July},
  year         = {2006}
}
@article{Lin2015Camera,
  title        = {Camera array based light field microscopy},
  author       = {Lin, Xing and Wu, Jiamin and Zheng, Guoan and Dai, Qionghai},
  journal      = {Biomedical Optics Express},
  volume       = {6},
  number       = {9},
  pages        = {3179--3189},
  year         = {2015},
  publisher    = {Optical Society of America}
}
@inproceedings{Honauer2016Dataset,
  title        = {A dataset and evaluation methodology for depth estimation on 4{D} light fields},
  author       = {Honauer, Katrin and Johannsen, Ole and Kondermann, Daniel and Goldluecke, Bastian},
  booktitle    = {Asian Conference on Computer Vision},
  pages        = {19--34},
  month        = {March},
  year         = {2016},
  organization = {Springer}
}
@inproceedings{Wanner2013Datasets,
  title={Datasets and benchmarks for densely sampled {4D} light fields.},
  author={Wanner, Sven and Meister, Stephan and Goldluecke, Bastian},
  booktitle={Vision, Modeling, and Visualization},
  volume={13},
  pages={225--226},
  year={2013}
}
@misc{Gross2016Training,
  title        = {Training and investigating Residual Nets},
  author       = {Sam, Gross and Michael, Wilber},
  howpublished = {\url{http://torch.ch/blog/2016/02/04/resnets.html}},
  month        = {February},
  year         = {2016}
}
@inproceedings{Gupta2011Modified,
  title        = {A modified {PSNR} metric based on {HVS} for quality assessment of color images},
  author       = {Gupta, Prateek and Srivastava, Priyanka and Bhardwaj, Satyam and Bhateja, Vikrant},
  booktitle    = {IEEE International Conference on Communication and Industrial Application},
  pages        = {1--4},
  doi          = {10.1109/ICCIndA.2011.6146669},
  month        = {February},
  year         = {2011}
}
@article{Simonyan2014Very,
  title        = {Very deep convolutional networks for large-scale image recognition},
  author       = {Simonyan, Karen and Zisserman, Andrew},
  journal      = {International Conference on Learning Representations},
  year         = {2015}
}
@article{Farsiu2004Advances,
  title        = {Advances and challenges in super-resolution},
  author       = {Farsiu, Sina and Robinson, Dirk and Elad, Michael and Milanfar, Peyman},
  journal      = {International Journal of Imaging Systems and Technology},
  volume       = {14},
  number       = {2},
  pages        = {47--57},
  doi          = {https://doi.org/10.1002/ima.20007},
  month        = {August},
  year         = {2004}
}
@article{Park2003Super,
  title        = {Super-resolution image reconstruction: a technical overview},
  author       = {Park, Sung Cheol and Park, Min Kyu and Kang, Moon Gi},
  journal      = {Signal Processing Magazine},
  volume       = {20},
  number       = {3},
  pages        = {21--36},
  month        = {June},
  year         = {2003},
  publisher    = {IEEE}
}
@inproceedings{Levoy1996Light,
  title        = {Light field rendering},
  author       = {Levoy, Marc and Hanrahan, Pat},
  booktitle    = {ACM Conference on Computer Graphics and Interactive Techniques},
  pages        = {31--42},
  doi          = {10.1145/237170.237199},
  year         = {1996}
}
@inproceedings{Sun2016Data,
  title        = {Data-driven light field depth estimation using deep Convolutional Neural Networks},
  author       = {Sun, Xing and Xu, Zhimin and Meng, Nan and Lam, Edmund Y and So, Hayden K-H},
  booktitle    = {IEEE International Joint Conference on Neural Networks},
  pages        = {367--374},
  doi          = {10.1109/IJCNN.2016.7727222},
  month        = {November},
  year         = {2016}
}
@inproceedings{Shin2018Epinet,
  title        = {{EPINET}: A Fully-Convolutional Neural Network Using Epipolar Geometry for Depth from Light Field Images},
  author       = {Shin, Changha and Jeon, Hae-Gon and Yoon, Youngjin and Kweon, In So and Kim, Seon Joo},
  booktitle    = {IEEE Conference on Computer Vision and Pattern Recognition},
  pages        = {4748--4757},
  year         = {2018}
}
@article{Wang2016Depth,
  title        = {Depth estimation with occlusion modeling using light-field cameras},
  author       = {Wang, Ting-Chun and Efros, Alexei A and Ramamoorthi, Ravi},
  journal      = {IEEE Transactions on Pattern Analysis and Machine Intelligence},
  volume       = {38},
  number       = {11},
  pages        = {2170--2181},
  year         = {2016}
}
@article{Kalantari2016Learning,
  title        = {Learning-based view synthesis for light field cameras},
  author       = {Kalantari, Nima Khademi and Wang, Ting-Chun and Ramamoorthi, Ravi},
  journal      = {ACM Transactions on Graphics},
  volume       = {35},
  number       = {6},
  pages        = {193:1--193:10},
  doi          = {10.1145/2980179.2980251},
  month        = {November},
  year         = {2016}
}
@article{Chan2007Super,
  title        = {Super-resolution reconstruction in a computational compound-eye imaging system},
  author       = {Chan, Wai-San and Lam, Edmund Y and Ng, Michael K and Mak, Giuseppe Y},
  journal      = {Multidimensional Systems and Signal Processing},
  volume       = {18},
  number       = {2-3},
  pages        = {83--101},
  month        = {February},
  year         = {2007},
  publisher    = {Springer}
}
@inproceedings{He2016Deep,
  title        = {Deep residual learning for image recognition},
  author       = {He, Kaiming and Zhang, Xiangyu and Ren, Shaoqing and Sun, Jian},
  booktitle    = {IEEE Conference on Computer Vision and Pattern Recognition},
  pages        = {770--778},
  doi          = {10.1109/CVPR.2016.90},
  month        = {June},
  year         = {2016}
}
@inproceedings{Long2015Fully,
  title        = {Fully convolutional networks for semantic segmentation},
  author       = {Shelhamer, Evan and Long, Jonathan and Darrell, Trevor},
  booktitle    = {IEEE Transactions on Pattern Analysis and Machine Intelligence},
  pages        = {3431--3440},
  volume       = {39},
  number       = {4},
  month        = {May},
  doi          = {10.1109/TPAMI.2016.2572683},
  year         = {2015}
}
@article{Dong2016Image,
  title        = {Image super-resolution using deep convolutional networks},
  author       = {Dong, Chao and Loy, Chen Change and He, Kaiming and Tang, Xiaoou},
  journal      = {IEEE ransactions on Pattern Analysis and Machine Intelligence},
  volume       = {38},
  number       = {2},
  pages        = {295--307},
  doi          = {10.1109/TPAMI.2015.2439281},
  month        = {June},
  year         = {2016}
}
@inproceedings{Eigen2014Depth,
  title        = {Depth map prediction from a single image using a multi-scale deep network},
  author       = {Eigen, David and Puhrsch, Christian and Fergus, Rob},
  booktitle    = {Neural Information Processing Systems},
  pages        = {2366--2374},
  year         = {2014}
}
@article{Wang2017Light,
  title        = {The light field attachment: turning a {DSLR} into a light field camera using a low budget camera ring},
  author       = {Wang, Yuwang and Liu, Yebin and Heidrich, Wolfgang and Dai, Qionghai},
  journal      = {IEEE Transactions on Visualization and Computer Graphics},
  volume       = {23},
  number       = {10},
  pages        = {2357--2364},
  doi          = {10.1109/TVCG.2016.2628743},
  month        = {November},
  year         = {2017}
}
@article{Wu2018Light,
  title        = {Light Field Reconstruction Using Convolutional Network on {EPI} and Extended Applications},
  author       = {Wu, Gaochang and Liu, Yebin and Fang, Lu and Dai, Qionghai and Chai, Tianyou},
  journal      = {IEEE Transactions on Pattern Analysis and Machine Intelligence},
  number       = {1},
  pages        = {1681--1694},
  doi          = {10.1109/TPAMI.2018.2845393},
  year         = {2018}
}
@inproceedings{Kim2016Accurate,
  title        = {Accurate image super-resolution using very deep convolutional networks},
  author       = {Kim, Jiwon and Kwon Lee, Jung and Mu Lee, Kyoung},
  booktitle    = {IEEE Conference on Computer Vision and Pattern Recognition},
  pages        = {1646--1654},
  doi          = {10.1109/CVPR.2016.182},
  month        = {June},
  year         = {2016}
}
@article{Wang2018Lfnet,
  title        = {{LFNet}: A Novel Bidirectional Recurrent Convolutional Neural Network for Light-Field Image Super-Resolution},
  author       = {Wang, Yunlong and Liu, Fei and Zhang, Kunbo and Hou, Guangqi and Sun, Zhenan and Tan, Tieniu},
  journal      = {IEEE Transactions on Image Processing},
  volume       = {27},
  number       = {9},
  pages        = {4274--4286},
  year         = {2018}
}
@article{Farrugia2017Super,
  title        = {Super resolution of light field images using linear subspace projection of patch-volumes},
  author       = {Farrugia, Reuben A and Galea, Christian and Guillemot, Christine},
  journal      = {IEEE Journal of Selected Topics in Signal Processing},
  volume       = {11},
  number       = {7},
  pages        = {1058--1071},
  doi          = {10.1109/JSTSP.2017.2747127},
  month        = {August},
  year         = {2017}
}
@article{Lai2017Fast,
  title        = {Fast and accurate image super-resolution with deep laplacian pyramid networks},
  author       = {Lai, Wei-Sheng and Huang, Jia-Bin and Ahuja, Narendra and Yang, Ming-Hsuan},
  journal      = {arXiv preprint arXiv:1710.01992},
  year         = {2017}
}
@article{Huang2018Video,
  title        = {Video super-resolution via bidirectional recurrent convolutional networks},
  author       = {Huang, Yan and Wang, Wei and Wang, Liang},
  journal      = {IEEE Transactions on Pattern Analysis and Machine Intelligence},
  volume       = {40},
  number       = {4},
  pages        = {1015--1028},
  doi          = {10.1109/TPAMI.2017.2701380},
  month        = {May},
  year         = {2018}
}
@inproceedings{Zhang2018Residual,
  title        = {Residual dense network for image super-resolution},
  author       = {Zhang, Yulun and Tian, Yapeng and Kong, Yu and Zhong, Bineng and Fu, Yun},
  booktitle    = {IEEE Conference on Computer Vision and Pattern Recognition},
  pages        = {2472--2481},
  year         = {2018}
}
@article{Farsiu2004Fast,
  title        = {Fast and robust multiframe super resolution},
  author       = {Farsiu, Sina and Robinson, M Dirk and Elad, Michael and Milanfar, Peyman},
  journal      = {IEEE Transactions on Image Processing},
  volume       = {13},
  number       = {10},
  pages        = {1327--1344},
  doi          = {10.1109/TIP.2004.834669},
  month        = {September},
  year         = {2004}
}
@inproceedings{Liu2011Bayesian,
  title        = {A Bayesian approach to adaptive video super resolution},
  author       = {Liu, Ce and Sun, Deqing},
  booktitle    = {IEEE Conference on Computer Vision and Pattern Recognition},
  pages        = {209--216},
  doi          = {10.1109/CVPR.2011.5995614},
  month        = {August},
  year         = {2011}
}
@inproceedings{Ma2015Handling,
  title        = {Handling motion blur in multi-frame super-resolution},
  author       = {Ma, Ziyang and Liao, Renjie and Tao, Xin and Xu, Li and Jia, Jiaya and Wu, Enhua},
  booktitle    = {IEEE Conference on Computer Vision and Pattern Recognition},
  pages        = {5224--5232},
  doi          = {10.1109/CVPR.2015.7299159},
  month        = {October},
  year         = {2015}
}
@inproceedings{Shi2016Real,
  title        = {Real-time single image and video super-resolution using an efficient sub-pixel convolutional neural network},
  author       = {Shi, Wenzhe and Caballero, Jose and Husz{\'a}r, Ferenc and Totz, Johannes and Aitken, Andrew P and Bishop, Rob and Rueckert, Daniel and Wang, Zehan},
  booktitle    = {IEEE Conference on Computer Vision and Pattern Recognition},
  pages        = {1874--1883},
  doi          = {10.1109/CVPR.2016.207},
  month        = {June},
  year         = {2016}
}
@article{Lam2015Computational,
  title        = {Computational photography with plenoptic camera and light field capture: tutorial},
  author       = {Lam, Edmund Y},
  journal      = {Journal of the Optical Society of America A},
  volume       = {32},
  number       = {11},
  pages        = {2021--2032},
  year         = {2015},
  publisher    = {Optical Society of America}
}
@inproceedings{Jo2018Deep,
  title        = {Deep Video Super-Resolution Network Using Dynamic Upsampling Filters Without Explicit Motion Compensation},
  author       = {Jo, Younghyun and Oh, Seoung Wug and Kang, Jaeyeon and Kim, Seon Joo},
  booktitle    = {IEEE Conference on Computer Vision and Pattern Recognition},
  pages        = {3224--3232},
  year         = {2018}
}
@inproceedings{Ziegler2017Acquisition,
  title        = {Acquisition system for dense lightfield of large scenes},
  author       = {Ziegler, Matthias and op het Veld, Ron and Keinert, Joachim and Zilly, Frederik},
  booktitle    = {IEEE Conference on The True Vision-Capture, Transmission and Display of 3D Video},
  pages        = {1--4},
  doi          = {10.1109/3DTV.2017.8280412},
  month        = {February},
  year         = {2017}
}
@inproceedings{Lim2009Improving,
  title        = {Improving the spatial resolution based on {4D} light field data},
  author       = {Lim, JaeGuyn and Ok, HyunWook and Park, ByungKwan and Kang, JooYoung and Lee, SeongDeok},
  booktitle    = {IEEE International Conference on Image Processing},
  pages        = {1173--1176},
  doi          = {10.1109/ICIP.2009.5413719},
  month        = {February},
  year         = {2009}
}
@article{Vagharshakyan2018Light,
  title        = {Light field reconstruction using shearlet transform},
  author       = {Vagharshakyan, Suren and Bregovic, Robert and Gotchev, Atanas},
  journal      = {IEEE Transactions on Pattern Analysis and Machine Intelligence},
  volume       = {40},
  number       = {1},
  pages        = {133--147},
  year         = {2018}
}
@inproceedings{Flynn2016Deepstereo,
  title        = {{DeepStereo}: Learning to predict new views from the world's imagery},
  author       = {Flynn, John and Neulander, Ivan and Philbin, James and Snavely, Noah},
  booktitle    = {Proceedings of the IEEE Conference on Computer Vision and Pattern Recognition},
  pages        = {5515--5524},
  doi          = {10.1109/CVPR.2016.595},
  month        = {December},
  year         = {2016}
}
@inproceedings{Johnson2016Perceptual,
  title        = {Perceptual losses for real-time style transfer and super-resolution},
  author       = {Johnson, Justin and Alahi, Alexandre and Fei-Fei, Li},
  booktitle    = {European Conference on Computer Vision},
  volume       = {9906},
  pages        = {694--711},
  doi          = {https://doi.org/10.1007/978-3-319-46475-6_43},
  month        = {September},
  year         = {2016}
}
@inproceedings{Glorot2010Understanding,
  title        = {Understanding the difficulty of training deep feedforward neural networks},
  author       = {Glorot, Xavier and Bengio, Yoshua},
  booktitle    = {The thirteenth International Conference on Artificial Intelligence and Statistics},
  pages        = {249--256},
  year         = {2010}
}
@inproceedings {Abadi2016Tensorflow,
author         = {Mart{\'\i}n Abadi and Paul Barham and Jianmin Chen and Zhifeng Chen and Andy Davis and Jeffrey Dean and Matthieu Devin and Sanjay Ghemawat and Geoffrey Irving and Michael Isard and Manjunath Kudlur and Josh Levenberg and Rajat Monga and Sherry Moore and Derek G. Murray and Benoit Steiner and Paul Tucker and Vijay Vasudevan and Pete Warden and Martin Wicke and Yuan Yu and Xiaoqiang Zheng},
title          = {{TensorFlow}: A System for Large-Scale Machine Learning},
booktitle      = {The 12th {USENIX} Symposium on Operating Systems Design and Implementation},
year           = {2016},
isbn           = {978-1-931971-33-1},
address        = {Savannah, GA},
pages          = {265--283}
}
@article{Gul2018Spatial, 
    author     = {M. S. K. Gul and B. K. Gunturk}, 
    journal    = {IEEE Transactions on Image Processing}, 
    title      = {Spatial and Angular Resolution Enhancement of Light Fields Using Convolutional Neural Networks}, 
    volume     = {27}, 
    number     = {5}, 
    pages      = {2146-2159},
    doi        = {10.1109/TIP.2018.2794181}, 
    ISSN       = {1057-7149}, 
    month      = {May},
    year       = {2018}
}
@article{Paszke2017Automatic,
  title        = {Automatic differentiation in {PyTorch}},
  author       = {Paszke, Adam and Gross, Sam and Chintala, Soumith and Chanan, Gregory and Yang, Edward and DeVito, Zachary and Lin, Zeming and Desmaison, Alban and Antiga, Luca and Lerer, Adam},
  journal      = {Conference on Neural Information Processing Systems},
  year         = {2017}
}
@book{Goodfellow2016Deep,
    title      = {Deep Learning},
    author     = {Ian Goodfellow and Yoshua Bengio and Aaron Courville},
    publisher  = {MIT Press},
    note       = {\url{http://www.deeplearningbook.org}},
    year       = {2016}
}
@inproceedings{Maas2013Rectifier,
  title        = {Rectifier nonlinearities improve neural network acoustic models},
  author       = {Maas, Andrew L and Hannun, Awni Y and Ng, Andrew Y},
  booktitle    = {International Conference on Machine Learning},
  volume       = {30},
  number       = {1},
  year         = {2013}
}
@inproceedings{Huang2017Densely,
  title        = {Densely Connected Convolutional Networks.},
  author       = {Huang, Gao and Liu, Zhuang and Van Der Maaten, Laurens and Weinberger, Kilian Q},
  booktitle    = {IEEE Conference on Computer Vision and Pattern Recognition},
  volume       = {1},
  number       = {2},
  pages        = {4700--4708},
  month        = {November},
  year         = {2017}
}
@InProceedings{Yeung2018Fast,
  author       = {Yeung, Henry Wing Fung and Hou, Junhui and Chen, Jie and Chung, Yuk Ying and Chen, Xiaoming},
  title        = {Fast Light Field Reconstruction With Deep Coarse-To-Fine Modeling of Spatial-Angular Clues},
  booktitle    = {The European Conference on Computer Vision},
  page         = {137-152},
  month        = {September},
  year         = {2018}
}
@inproceedings{Wanner2012Spatial,
  title        = {Spatial and angular variational super-resolution of {4D} light fields},
  author       = {Wanner, Sven and Goldluecke, Bastian},
  booktitle    = {European Conference on Computer Vision},
  pages        = {608--621},
  year         = {2012},
  organization = {Springer}
}
@article{Rossi2018Geometry,
  title        = {Geometry-consistent light field super-resolution via graph-based regularization},
  author       = {Rossi, Mattia and Frossard, Pascal},
  journal      = {IEEE Transactions on Image Processing},
  volume       = {27},
  number       = {9},
  pages        = {4207--4218},
  year         = {2018}
}
@inproceedings{Rossi2018Nonsmooth,
  title        = {A Nonsmooth Graph-Based Approach to Light Field Super-Resolution},
  author       = {Rossi, Mattia and El Gheche, Mireille and Frossard, Pascal},
  booktitle    = {IEEE International Conference on Image Processing},
  pages        = {2590--2594},
  year         = {2018}
}
@article{Ioffe2015Batch,
  title        = {Batch normalization: Accelerating deep network training by reducing internal covariate shift},
  author       = {Ioffe, Sergey and Szegedy, Christian},
  journal      = {arXiv preprint arXiv:1502.03167},
  year         = {2015}
}
@inproceedings{Boominathan2014Improving,
  title        = {Improving resolution and depth-of-field of light field cameras using a hybrid imaging system},
  author       = {Boominathan, Vivek and Mitra, Kaushik and Veeraraghavan, Ashok},
  booktitle    = {International Conference on Computational Photography},
  pages        = {1--10},
  year         = {2014},
  organization = {IEEE}
}
@article{Wang2016Light,
  title        = {The light field attachment: Turning a dslr into a light field camera using a low budget camera ring},
  author       = {Wang, Yuwang and Liu, Yebin and Heidrich, Wolfgang and Dai, Qionghai},
  journal      = {IEEE Transactions on Visualization and Computer Graphics},
  volume       = {23},
  number       = {10},
  pages        = {2357--2364},
  year         = {2016}
}
@article{Yeung2018Light,
  title        = {Light field spatial super-resolution using deep efficient spatial-angular separable convolution},
  author       = {Yeung, Henry Wing Fung and Hou, Junhui and Chen, Xiaoming and Chen, Jie and Chen, Zhibo and Chung, Yuk Ying},
  journal      = {IEEE Transactions on Image Processing},
  volume       = {28},
  number       = {5},
  pages        = {2319--2330},
  year         = {2018}
}
@article{Georgiev2006Spatio,
  title        = {Spatio-angular resolution tradeoffs in integral photography.},
  author       = {Georgiev, Todor G and Zheng, Ke Colin and Curless, Brian and Salesin, David and Nayar, Shree K and Intwala, Chintan},
  journal      = {Rendering Techniques},
  volume       = {2006},
  number       = {263-272},
  pages        = {21},
  year         = {2006}
}
@article{Ji20123D,
  title        = {3D convolutional neural networks for human action recognition},
  author       = {Ji, Shuiwang and Xu, Wei and Yang, Ming and Yu, Kai},
  journal      = {IEEE Transactions on Pattern Analysis and Machine Intelligence},
  volume       = {35},
  number       = {1},
  pages        = {221--231},
  year         = {2012}
}
@inproceedings{Sun2015Synthesis,
  title        = {Synthesis of light-field raw data from {RGB-D} images},
  author       = {Sun, Chao and Wu, Yiqun and Zeng, Bing},
  booktitle    = {IEEE International Conference on Image Processing},
  pages        = {1448--1452},
  year         = {2015}
}
@inproceedings{Sun2016Sparse,
  title        = {Sparse hierarchical nonparametric Bayesian learning for light field representation and denoising},
  author       = {Sun, Xing and Meng, Nan and Xu, Zhimin and Lam, Edmund Y and So, Hayden K-H},
  booktitle    = {IEEE International Joint Conference on Neural Networks},
  pages        = {3272--3279},
  year         = {2016}
}
@inproceedings{Wang2009Decoupling,
  title        = {Decoupling sparsity and smoothness in the discrete hierarchical dirichlet process},
  author       = {Wang, Chong and Blei, David M},
  booktitle    = {Advances in Neural Information Processing Systems},
  pages        = {1982--1989},
  year         = {2009}
}
@article{Mathieu2016Deep,
  title        = {Deep multi-scale video prediction beyond mean square error},
  author       = {Mathieu, Michael and Couprie, Camille and LeCun, Yann},
  journal      = {International Conference on Learning Representation},
  year         = {2016}
}
@article{Chaurasia2013Depth,
  title        = {Depth synthesis and local warps for plausible image-based navigation},
  author       = {Chaurasia, Gaurav and Duchene, Sylvain and Sorkine-Hornung, Olga and Drettakis, George},
  journal      = {ACM Transactions on Graphics},
  volume       = {32},
  number       = {3},
  pages        = {1--12},
  year         = {2013}
}
@incollection{Goesele2010Ambient,
  title        = {Ambient point clouds for view interpolation},
  author       = {Goesele, Michael and Ackermann, Jens and Fuhrmann, Simon and Haubold, Carsten and Klowsky, Ronny and Steedly, Drew and Szeliski, Richard},
  booktitle    = {ACM Special Interest Group on Computer Graphics and Interactive Techniques},
  pages        = {1--6},
  year         = {2010}
}
@article{Meng2019Computational,
  title        = {Computational light field generation using deep nonparametric bayesian learning},
  author       = {Meng, Nan and Sun, Xing and So, Hayden K-H and Lam, Edmund Y},
  journal      = {IEEE Access},
  volume       = {7},
  pages        = {24990--25000},
  year         = {2019}
}
@inproceedings{Meng2019Spatial,
  title        = {Spatial and Angular Reconstruction of Light Field Based on Deep Generative Networks},
  author       = {Meng, Nan and Zeng, Tianjiao and Lam, Edmund Y},
  booktitle    = {International Conference on Image Processing},
  year         = {2019}
}
@article{Meng2019Highdimensional,
  title        = {High-dimensional dense residual convolutional neural network for light field reconstruction},
  author       = {Meng, Nan and So, Hayden Kwok-Hay and Sun, Xing and Lam, Edmund},
  journal      = {IEEE Transaction on Pattern Analysis and Machine Intelligence},
  year         = {2019}
}
@article{Meng2020Highorder,
  title        = {High-order residual network for light field super-resolution},
  author       = {Meng, Nan and Wu, Xiaofei and Sun, Xing and Lam, Edmund},
  journal      = {Association for the Advancement of Artificial Intelligence},
  year         = {2020}
}
@article{Meng2018Large,
  title        = {Large-scale multi-class image-based cell classification with deep learning},
  author       = {Meng, Nan and Lam, Edmund and Tsia, Kevin Kin Man and So, Hayden Kwok-Hay},
  journal      = {IEEE Journal of Biomedical and Health Informatics},
  volume       = {23},
  number       = {5},
  pages        = {2091--2098},
  year         = {2019}
}
@inproceedings{Zhang2019Residual,
  title        = {Residual Networks for Light Field Image Super-Resolution},
  author       = {Zhang, Shuo and Lin, Youfang and Sheng, Hao},
  booktitle    = {IEEE Conference on Computer Vision and Pattern Recognition},
  page         = {11046--11055},
  year         = {2019}
}
@article{Lai2019Fast,
  title        = {Fast and accurate image super-resolution with deep laplacian pyramid networks},
  author       = {Lai, Wei-Sheng and Huang, Jia-Bin and Ahuja, Narendra and Yang, Ming-Hsuan},
  journal      = {IEEE Transactions on Pattern Analysis and Machine Intelligence},
  volume       = {41},
  number       = {11},
  pages        = {2599--2613},
  year         = {2019}
}
@article{sheffield2015,
  title        = {Calcium transient prevalence across the dendritic arbour predicts place field properties},
  author       = {Sheffield, M. and Dombeck, D.},
  journal      = {Nature},
  volume       = {517},
  doi          = {https://doi.org/10.1038/nature13871},
  pages        = {200--204},
  year         = {2015}
}
@article{pnevmatikakis2017,
  title        = {NoRMCorre: An online algorithm for piecewise rigid motion correction of calcium imaging data},
  author       = {Pnevmatikakis, Eftychios A. and Giovannucci, Andrea},
  journal      = {Journal of Neuroscience Methods},
  volume       = {291},
  doi          = {https://doi.org/10.1016/j.jneumeth.2017.07.031.},
  pages        = {83--94},
  year         = {2017}
}
@article{lin2020,
  title        = {Focal Loss for Dense Object Detection},
  author       = {Lin, T. Y. and Goyal, P. and Girshick, R. and He, K. and Dollar, P.},
  journal      = {IEEE Trans. Pattern. Anal. Mach. Intell.},
  volume       = {42},
  doi          = {10.1109/TPAMI.2018.2858826 },
  pages        = {318--327},
  year         = {2020}
}
@article{giovannucci2019,
  title        = {CaImAn an open source tool for scalable calcium imaging data analysis},
  author       = {Giovannucci,A. and Friedrich, Johannes and Gunn, Pat and Kalfon, Jérémie and Brown, Brandon L and Koay, Sue Ann and Taxidis, Jiannis and Najafi, Farzaneh and Gauthier, Jeffrey L and Zhou, Pengcheng and Khakh, Baljit S and Tank, David W and Chklovskii, Dmitri B and Pnevmatikakis, Eftychios A},
  journal      = {Elife},
  volume       = {8:e38173},
  doi          = {10.7554/eLife.38173},
  year         = {2019}
}
@article{dombeck2007,
  title        = {Imaging Large-Scale Neural Activity with Cellular Resolution in Awake, Mobile Mice},
  author       = {Dombeck, Daniel A. and Khabbaz, Anton N. and Collman, Forrest and Adelman, Thomas L. and Tank, David W.},
  journal      = {Neuron},
  volume       = {56},
  doi          = {https://doi.org/10.1016/j.neuron.2007.08.003.},
  pages        = {43--57},
  year         = {2007}
}
@article{shannon1948,
  title        = {A Mathematical Theory of Communication},
  author       = {Shannon, C. E.},
  journal      = {The Bell System Technical Journal},
  volume       = {27},
  doi          = {10.1002/j.1538-7305.1948.tb01338.x},
  pages        = {379--423},
  year         = {1948}
}
@book{quirogapanzeri2013,
  title={Principles of Neural Coding},
  author={Quiroga, Rodrigo Quian and Panzeri, Stefano},
  year={2013},
  publisher={CRC Press}
}
@Manual{Rsoftware,
    title = {R: A Language and Environment for Statistical Computing},
    author = {{R Core Team}},
    organization = {R Foundation for Statistical Computing},
    address = {Vienna, Austria},
    year = {2017},
    url = {https://www.R-project.org/},
}